%% This BibTeX bibliography file was created using BibDesk.
%% http://bibdesk.sourceforge.net/

%% Created for Andreas Hahn at 2017-11-04 13:36:15 +0100 


%% Saved with string encoding Unicode (UTF-8) 



@webpage{polyfill,
	Date-Added = {2017-11-04 12:36:01 +0000},
	Date-Modified = {2017-11-04 12:36:15 +0000},
	Keywords = {polyfill definition},
	Lastchecked = {04112017},
	Month = {10},
	Url = {https://remysharp.com/2010/10/08/what-is-a-polyfill/},
	Year = {2010}}

@webpage{polyfill-wiki,
	Date-Added = {2017-11-04 12:29:31 +0000},
	Date-Modified = {2017-11-04 12:35:59 +0000},
	Keywords = {polyfill wikipedia},
	Lastchecked = {04112017},
	Month = {07},
	Url = {https://de.wikipedia.org/wiki/Polyfill},
	Year = {2017}}

@webpage{w3c-components,
	Date-Added = {2017-11-04 11:25:56 +0000},
	Date-Modified = {2017-11-04 11:27:21 +0000},
	Keywords = {w3c webcomponents},
	Lastchecked = {04},
	Month = {11},
	Url = {https://www.w3.org/standards/techs/components#w3c_all},
	Year = {2017}}

@webpage{web-components,
	Date-Added = {2017-11-04 11:19:36 +0000},
	Date-Modified = {2017-11-04 11:19:57 +0000},
	Keywords = {webcomponent doc},
	Lastchecked = {04},
	Month = {11},
	Url = {https://developer.mozilla.org/de/docs/Web/Web_Components},
	Year = {2017}}

@webpage{components-benefit,
	Date-Added = {2017-11-04 10:42:51 +0000},
	Date-Modified = {2017-11-04 11:19:34 +0000},
	Keywords = {component-benefits},
	Lastchecked = {04},
	Month = {11},
	Url = {https://dev.to/fregu/the-benefits-of-component-driven-web-development},
	Year = {2017}}

@webpage{polymer-compatibility,
	Author = {Polymer Authors},
	Date-Added = {2017-07-07 16:04:27 +0000},
	Date-Modified = {2017-07-07 16:30:12 +0000},
	Keywords = {polymer library compatibilty},
	Lastchecked = {07},
	Month = {07},
	Organization = {Google},
	Title = {Browser compatibility},
	Url = {https://www.polymer-project.org/1.0/docs/browsers},
	Year = {2017},
	Bdsk-Url-1 = {https://www.polymer-project.org/1.0/docs/browsers}}

@url{popular-frontends,
	Author = {Thomas Brian},
	Date-Added = {2017-07-07 15:36:23 +0000},
	Date-Modified = {2017-11-04 11:19:23 +0000},
	Keywords = {quroa question},
	Url = {https://www.quora.com/Which-front-end-framework-should-I-invest-my-time-in-2017-Vue-or-React#!n=12},
	Bdsk-Url-1 = {https://www.quora.com/Which-front-end-framework-should-I-invest-my-time-in-2017-Vue-or-React#!n=12}}

@webpage{microsoft-webcomponents,
	Annote = {Bringing componentization to the web},
	Author = {Travis Leithead and Arron Eicholz},
	Date-Added = {2017-07-07 14:59:57 +0000},
	Date-Modified = {2017-07-07 16:17:15 +0000},
	Keywords = {idea of webcomponents microsoft},
	Lastchecked = {07},
	Month = {07},
	Organization = {Microsoft Edge Team},
	Title = {Bringing componentization to the web: An overview of Web Components},
	Url = {https://blogs.windows.com/msedgedev/2015/07/14/bringing-componentization-to-the-web-an-overview-of-web-components/#H5ykveDs14IpvXEr.97},
	Year = {2017},
	Bdsk-Url-1 = {https://blogs.windows.com/msedgedev/2015/07/14/bringing-componentization-to-the-web-an-overview-of-web-components/#H5ykveDs14IpvXEr.97}}

@webpage{w3-html-comp,
	Annote = {w3 webcomponents first approach},
	Date-Added = {2017-06-03 14:51:01 +0000},
	Date-Modified = {2017-11-04 11:35:58 +0000},
	Keywords = {w3 htmlcomponents},
	Month = {06},
	Rating = {0},
	Read = {0},
	Url = {https://www.w3.org/TR/NOTE-HTMLComponents},
	Year = {2017},
	Bdsk-Url-1 = {https://www.w3.org/TR/NOTE-HTMLComponents}}

@webpage{vaadin,
	Abstract = {Web Components in production use - are we there yet},
	Date-Added = {2017-06-02 16:50:18 +0000},
	Date-Modified = {2017-07-07 15:02:48 +0000},
	Keywords = {production use of web components},
	Lastchecked = {02},
	Month = {06},
	Url = {https://vaadin.com/blog/-/blogs/web-components-in-production-use-are-we-there-yet-},
	Year = {2017},
	Bdsk-Url-1 = {https://vaadin.com/blog/-/blogs/web-components-in-production-use-are-we-there-yet-}}
